%~\cite{ref:prompt}
Sources of prompt leptons in hadronic collisions. AIP Conference Proceedings 59, 211 (1980); https://doi.org/10.1063/1.32164

%~\cite{ref:run2isolation}
https://twiki.cern.ch/twiki/bin/viewauth/AtlasProtected/Run2IsolationHarmonisation

%~\cite{ref:trackingcp}
https://twiki.cern.ch/twiki/bin/viewauth/AtlasProtected/TrackingCPRecsEarly2018